@techreport{siami2018forecasting,
    title={Forecasting economics and financial time series: ARIMA vs. LSTM},
    author={Sima Namin and Akbar Namin},
    institution={Texas Tech University},
    year={2018},
    month={March},
}
@mastersthesis{torku2016takens,
    title={Takens Theorem with Singular Spectrum Analysis Applied to Noisy Time Series},
    author={Torku, Thomas K},
    school={East Tennessee State University},
    year={2016},
    month={May},
}
@manual{yfinanceapi,
    title={yfinance API},
    author={Ran Aroussi},
}
@techreport{lawrence,
    title={Using Neural Networks to Forecast Stock Market Prices},
    author={Ramon Lawrence},
    institution={University of Manitoba},
    year={1997},
    month={December},
}
@book{hyndman2018forecasting,
  title={Forecasting: principles and practice},
  author={Hyndman, Rob J and Athanasopoulos, George},
  year={2018},
  publisher={OTexts}
}
@book{tsay,
    title={An introduction to analysis of financial data with R},
    author={Ruey S. Tsay, PhD},
    publisher={Wiley},
    year={2013},
    address={Hoboken, New Jersey},
    isbn={978-0470890813},
}
@article{hinton,
    AUTHOR = {Hinton, G. E.},
    TITLE   = {Deep belief networks},
    YEAR    = {2009},
    JOURNAL = {Scholarpedia},
    VOLUME  = {4},
    NUMBER  = {5},
    PAGES   = {5947},
    DOI     = {10.4249/scholarpedia.5947},
    NOTE    = {revision \#91189}
}
@incollection{NIPS2006,
    title = {Greedy Layer-Wise Training of Deep Networks},
    author = {Bengio, Yoshua and Lamblin, Pascal and Dan Popovici and Larochelle, Hugo},
    booktitle = {Advances in Neural Information Processing Systems 19},
    editor = {B. Sch\"{o}lkopf and J. C. Platt and T. Hoffman},
    pages = {153--160},
    year = {2007},
    publisher = {MIT Press},
    url = {http://papers.nips.cc/paper/3048-greedy-layer-wise-training-of-deep-networks.pdf}
}
@book{pesaran2015time,
  title={Time series and panel data econometrics},
  author={Pesaran, M Hashem},
  year={2015},
  publisher={Oxford University Press}
}
@article{brownlee2017create,
  title={How to create an ARIMA model for time series forecasting with Python},
  author={Brownlee, Jason},
  journal={Machine Learning Mastery. Saatavissa: https://machinelearningmastery. com/arima-for-time-series-forecasting-with-python/. Hakup{\"a}iv{\"a}},
  volume={2},
  pages={2019},
  year={2017}
}
@article{brownlee2016time,
  title={Time series prediction with lstm recurrent neural networks in python with keras},
  author={Brownlee, Jason},
  journal={Available at: machinelearningmastery. com},
  pages={18},
  year={2016}
}
@article{olah2015understanding,
  title={Understanding lstm networks--colahâ€™s blog},
  author={Olah, Christopher},
  journal={Colah. github. io},
  year={2015}
}
@article{chai2014root,
  title={Root mean square error (RMSE) or mean absolute error (MAE)?--Arguments against avoiding RMSE in the literature},
  author={Chai, Tianfeng and Draxler, Roland R},
  journal={Geoscientific model development},
  volume={7},
  number={3},
  pages={1247--1250},
  year={2014},
  publisher={Copernicus GmbH}
}




